@Article{Miao1998,
  author = 	 {J. Miao, D. Sayre and H. N. Chapman},
  title = 	 {Phase retrieval from the magnitude of the Fourier transforms of nonperiodic objects},
  journal = 	 {Journal of the Optical Society of America A},
  year = 	 {1998},
  OPTkey = 	 {},
  OPTvolume = 	 {},
  OPTnumber = 	 {},
  OPTpages = 	 {},
  OPTmonth = 	 {},
  OPTnote = 	 {},
  OPTannote = 	 {}
}

@Article{Miao2000,
  author = 	 {J. Miao, J. Kirz and D. Sayre},
  title = 	 {The oversampling phasing method},
  journal = 	 {Acta Crystallographica Section D},
  year = 	 {2000},
  OPTkey = 	 {},
  OPTvolume = 	 {},
  OPTnumber = 	 {},
  OPTpages = 	 {},
  OPTmonth = 	 {},
  OPTnote = 	 {},
  OPTannote = 	 {}
}

@Book{Giacovazzo92,
  ALTauthor = 	 {C. Giacovazzo, H. L. Monaco, D. Viterbo, F. Scordari, G. Gilli, G. Zanotti and M. Catti},
  ALTeditor = 	 {},
  title = 	 {Fundamentals of crystallography. IUCr Texts on Crystallography},
  publisher = 	 {Oxford University Press},
  year = 	 {1992},
  OPTkey = 	 {},
  OPTvolume = 	 {},
  OPTnumber = 	 {},
  OPTseries = 	 {},
  OPTaddress = 	 {},
  OPTedition = 	 {},
  OPTmonth = 	 {},
  OPTnote = 	 {},
  OPTannote = 	 {}
}


@Article{Fienup1982,
  author = 	 {J. R. Fienup},
  title = 	 {Phase retrieval algorithms: a comparison},
  journal = 	 {Appl. Opt},
  year = 	 {1982},
  OPTkey = 	 {},
  OPTvolume = 	 {21},
  OPTnumber = 	 {},
  OPTpages = 	 {2758},
  OPTmonth = 	 {},
  OPTnote = 	 {},
  OPTannote = 	 {}
}

@Article{Fienup1978,
  author = 	 {J. R. Fienup},
  title = 	 {Reconstruction of an object from the modulus of its Fourier transform},
  journal = 	 {Opt. Lett.},
  year = 	 {1978},
  OPTkey = 	 {},
  OPTvolume = 	 {3},
  OPTnumber = 	 {},
  OPTpages = 	 {27},
  OPTmonth = 	 {},
  OPTnote = 	 {},
  OPTannote = 	 {}
}



@Article{Luke2005,
  author = 	 {D. R. Luke},
  title = 	 {Relaxed averaged alternating reflections for diffraction imaging},
  journal = 	 {Inverse Problems},
  year = 	 {2005},
  OPTkey = 	 {},
  OPTvolume = 	 {21},
  OPTnumber = 	 {},
  OPTpages = 	 {37},
  OPTmonth = 	 {},
  OPTnote = 	 {},
  OPTannote = 	 {}
}

@Article{Luke2003,
  author = 	 {H. H. Bauschke  P. L. Combettes  and D. R. Luke},
  title = 	 {Hybrid projection-reflection method for phase retrieval},
  journal = 	 {J. Opt. Soc. Am. A},
  year = 	 {2003},
  OPTkey = 	 {},
  OPTvolume = 	 {20},
  OPTnumber = 	 {},
  OPTpages = 	 {1025},
  OPTmonth = 	 {},
  OPTnote = 	 {},
  OPTannote = 	 {}
}



@Article{Oszlanyi2004,
  author = 	 {Oszl{\'a}nyi, G{\'a}bor and S{\'u}to, Andr{\'a}s},
  title = 	 {Ab initio structure solution by charge flipping},
  journal = 	 {Acta Cryst A},
  year = 	 {2004},
  OPTkey = 	 {},
  OPTvolume = 	 {60},
  OPTnumber = 	 {},
  OPTpages = 	 {134},
  OPTmonth = 	 {},
  OPTnote = 	 {},
  OPTannote = 	 {}
}


@Article{Oszlanyi2005,
  author = 	 {Oszl{\'a}nyi, G{\'a}bor and S{\'u}to, Andr{\'a}s},
  title = 	 {Ab initio structure solution by charge flipping. II. Use of weak reflections},
  journal = 	 {Acta Cryst A},
  year = 	 {2005},
  OPTkey = 	 {},
  OPTvolume = 	 {61},
  OPTnumber = 	 {},
  OPTpages = 	 {147},
  OPTmonth = 	 {},
  OPTnote = 	 {},
  OPTannote = 	 {}
}

